[gd_scene load_steps=25 format=2]

[ext_resource path="res://Sprites/Player/Jump0.png" type="Texture" id=1]
[ext_resource path="res://Sprites/Player/Jump4.png" type="Texture" id=2]
[ext_resource path="res://Sprites/Player/Run3.png" type="Texture" id=3]
[ext_resource path="res://Objects/Player.gd" type="Script" id=4]
[ext_resource path="res://Sprites/Player/Jump3.png" type="Texture" id=5]
[ext_resource path="res://Sprites/Player/B/walk-b1.png" type="Texture" id=6]
[ext_resource path="res://Sprites/Player/Run1.png" type="Texture" id=7]
[ext_resource path="res://Sprites/Player/Run2.png" type="Texture" id=8]
[ext_resource path="res://Sprites/Player/Run0.png" type="Texture" id=9]
[ext_resource path="res://Sprites/Player/Run4.png" type="Texture" id=10]
[ext_resource path="res://Sprites/Player/Run7.png" type="Texture" id=11]
[ext_resource path="res://Sprites/Sky.png" type="Texture" id=12]
[ext_resource path="res://Sprites/Player/A/walk-a1.png" type="Texture" id=13]
[ext_resource path="res://Sprites/Player/A/walk-a2.png" type="Texture" id=14]
[ext_resource path="res://Sprites/Player/A/walk-a3.png" type="Texture" id=15]
[ext_resource path="res://Sprites/Player/A/walk-a4.png" type="Texture" id=16]
[ext_resource path="res://Sprites/Player/B/walk-b2.png" type="Texture" id=17]
[ext_resource path="res://Sprites/Player/B/walk-b3.png" type="Texture" id=18]
[ext_resource path="res://Sprites/Player/B/walk-b4.png" type="Texture" id=19]
[ext_resource path="res://Sprites/Player/Idle0.png" type="Texture" id=20]
[ext_resource path="res://Objects/PlayerFSM.gd" type="Script" id=21]

[sub_resource type="SpriteFrames" id=1]
animations = [ {
"frames": [ ExtResource( 13 ), ExtResource( 14 ), ExtResource( 15 ), ExtResource( 16 ) ],
"loop": true,
"name": "BWALK-A",
"speed": 5.0
}, {
"frames": [ ExtResource( 1 ) ],
"loop": true,
"name": "Jump",
"speed": 5.0
}, {
"frames": [ ExtResource( 6 ), ExtResource( 17 ), ExtResource( 18 ), ExtResource( 19 ) ],
"loop": true,
"name": "BWALK-B",
"speed": 5.0
}, {
"frames": [ ExtResource( 20 ) ],
"loop": false,
"name": "Idle",
"speed": 5.0
}, {
"frames": [ ExtResource( 5 ), ExtResource( 2 ) ],
"loop": false,
"name": "Fall",
"speed": 30.0
}, {
"frames": [ ExtResource( 9 ), ExtResource( 7 ), ExtResource( 8 ), ExtResource( 3 ), ExtResource( 10 ), ExtResource( 11 ) ],
"loop": true,
"name": "Run",
"speed": 10.0
} ]

[sub_resource type="RectangleShape2D" id=2]
extents = Vector2( 16, 28 )

[sub_resource type="RectangleShape2D" id=3]
extents = Vector2( 16, 16 )

[node name="Player" type="KinematicBody2D"]
script = ExtResource( 4 )

[node name="Sprite" type="AnimatedSprite" parent="."]
frames = SubResource( 1 )
animation = "Idle"
playing = true

[node name="StateLabel" type="Label" parent="Sprite"]
margin_left = -16.0
margin_top = -46.0
margin_right = 64.0
margin_bottom = -32.0
custom_colors/font_outline_modulate = Color( 0, 0, 0, 1 )
custom_colors/font_color_shadow = Color( 0, 0, 0, 1 )
custom_constants/shadow_as_outline = 1
__meta__ = {
"_edit_use_anchors_": false
}

[node name="BodyHitbox" type="CollisionShape2D" parent="."]
position = Vector2( 0, 4 )
shape = SubResource( 2 )

[node name="Camera2D" type="Camera2D" parent="."]
current = true
smoothing_enabled = true
smoothing_speed = 15.0

[node name="CanvasLayer" type="CanvasLayer" parent="Camera2D"]

[node name="DebugLabel" type="Label" parent="Camera2D/CanvasLayer"]
anchor_left = 0.02
anchor_top = 0.02
anchor_right = 1.0
anchor_bottom = 1.0
custom_colors/font_color_shadow = Color( 0, 0, 0, 1 )
custom_constants/shadow_as_outline = 10
__meta__ = {
"_edit_use_anchors_": false
}

[node name="ParallaxBackground" type="ParallaxBackground" parent="."]

[node name="ParallaxLayer" type="ParallaxLayer" parent="ParallaxBackground"]
motion_scale = Vector2( 0.1, 0.1 )
motion_mirroring = Vector2( 640, 640 )

[node name="Sky" type="Sprite" parent="ParallaxBackground/ParallaxLayer"]
texture = ExtResource( 12 )
centered = false

[node name="StateMachine" type="Node2D" parent="."]
script = ExtResource( 21 )

[node name="WallMargin" type="RayCast2D" parent="."]
modulate = Color( 1, 0, 0, 1 )
z_index = 2
enabled = true
cast_to = Vector2( 0, 0 )

[node name="JumpMargin" type="Area2D" parent="."]
position = Vector2( 0, 48 )
__meta__ = {
"_edit_group_": true
}

[node name="CollisionShape2D" type="CollisionShape2D" parent="JumpMargin"]
modulate = Color( 0.92549, 1, 0, 1 )
shape = SubResource( 3 )

[node name="Gun" type="Position2D" parent="."]
position = Vector2( 0, 10.492 )

[node name="ShootCooldown" type="Timer" parent="."]
wait_time = 0.3
one_shot = true
[connection signal="body_entered" from="JumpMargin" to="StateMachine" method="_on_JumpArea_body_entered"]
[connection signal="body_exited" from="JumpMargin" to="StateMachine" method="_on_JumpArea_body_exited"]
[connection signal="timeout" from="ShootCooldown" to="." method="_on_ShootCooldown_timeout"]
